% This file was created with JabRef 2.10.
% Encoding: Cp1252


@Article{Arabi2013,
  Title                    = {Early Dementia Questionnaire (EDQ): a new screening instrument for early dementia in primary care practice.},
  Author                   = {Arabi, Z, Aziz, NA, Abdul Aziz, AF, Razali, R, Wan Puteh, SE.},
  Journal                  = {BMC Fam Pract},
  Year                     = {2013},
  Pages                    = {49},
  Volume                   = {14},

  __markedentry            = {[YBonilla81:6]},
  Doi                      = {10.1186/1471-2296-14-49},
  Institution              = {Department of Family Medicine, Faculty of Medicine and Health Sciences, Universiti Malaysia Sarawak, Lot 77, KTLD, Jalan Tun Ahmad Zaidi Adruce, 93150 Kuching, Sarawak, Malaysia. zurraini76@yahoo.com},
  Keywords                 = {Dementia, diagnosis; Early Diagnosis; Humans; Mass Screening, instrumentation; Primary Health Care, standards; Questionnaires},
  Language                 = {eng},
  Medline-pst              = {epublish},
  Owner                    = {YBonilla81},
  Pii                      = {1471-2296-14-49},
  Pmid                     = {23586732},
  Timestamp                = {2014.07.18},
  Url                      = {http://dx.doi.org/10.1186/1471-2296-14-49}
}

@Article{Chagas2013,
  Title                    = {Validation and internal consistency of Patient Health Questionnaire-9 for major depression in Parkinson's disease.},
  Author                   = {Chagas, MHN, Tumas, V, Rodrigues, GR, Machado-de-Sousa, JP, Filho, AS, Hallak, JEC, Crippa, JAS.},
  Journal                  = {Age Ageing},
  Year                     = {2013},

  Month                    = {Sep},
  Number                   = {5},
  Pages                    = {645--649},
  Volume                   = {42},

  __markedentry            = {[YBonilla81:6]},
  Doi                      = {10.1093/ageing/aft065},
  Institution              = {Behavior and Neurosciences Department, University of São Paulo, Av., Bandeirantes, 3900, Ribeirão Preto, SP 14048-900, Brazil. mchagas@fmrp.usp.br},
  Keywords                 = {Aged; Algorithms; Brazil, epidemiology; Chi-Square Distribution; Depressive Disorder, Major, diagnosis/epidemiology/psychology; Discriminant Analysis; Female; Humans; Male; Mental Health; Middle Aged; Parkinson Disease, diagnosis/epidemiology/psychology; Predictive Value of Tests; Prevalence; Psychiatric Status Rating Scales; Questionnaires; Reproducibility of Results},
  Language                 = {eng},
  Medline-pst              = {ppublish},
  Owner                    = {YBonilla81},
  Pii                      = {aft065},
  Pmid                     = {23761457},
  Timestamp                = {2014.07.18},
  Url                      = {http://dx.doi.org/10.1093/ageing/aft065}
}

@Article{Chaudhuri2006,
  Title                    = {International multicenter pilot study of the first comprehensive self-completed nonmotor symptoms questionnaire for Parkinson's disease: The NMSQuest study},
  Author                   = {Chaudhuri, KR, Martinez-Martin, P, Schapira, AHV, Stocchi, F, Sethi, K, Odin, P, Brown, RG, Koller, W, Barone, P, MacPhee, G.},
  Journal                  = {Movement Disorders},
  Year                     = {2006},

  Month                    = {Jul},
  Number                   = {7},
  Pages                    = {916--923},
  Volume                   = {21},

  Owner                    = {YBonilla81},
  Publisher                = {Wiley Online Library},
  Timestamp                = {2014.07.16},
  Url                      = {http://onlinelibrary.wiley.com/doi/10.1002/mds.20844/full}
}

@Article{Christa2013,
  Title                    = {How precise are activities of daily living scales for the diagnosis of Parkinson's disease dementia? A pilot study},
  Author                   = {Christa, JBM, Bergera, MF, Riedla, E, Prakasha, D, Csotic, I, Moltd, W, Grabera, S, Brockmanna, K, Berga, D, Scarfonea, IL.},
  Journal                  = {Parkinsonism \& Related Disorders},
  Year                     = {2013},

  Month                    = {Mar},
  Number                   = {3},
  Pages                    = {371-374},
  Volume                   = {19},

  Doi                      = {10.1016/j.parkreldis.2012.11.004},
  Owner                    = {YBonilla81},
  Timestamp                = {2014.07.03},
  Url                      = {http://www.prd-journal.com/article/S1353-8020(12)00437-3/abstract}
}

@Article{Chung-Chih2006,
  Title                    = {Wireless Health Care Service System for Elderly With Dementia},
  Author                   = {Chung-Chih, L, Ming-Jang C, Chun-Chieh H, Ren-Guey, L, Yuh-Show T.},
  Journal                  = IEEE_J_ITBM,
  Year                     = {2006},

  Month                    = {Oct},
  Number                   = {4},
  Pages                    = {696--704},
  Volume                   = {10},

  __markedentry            = {[YBonilla81:]},
  Doi                      = {10.1109/TITB.2006.874196},
  Owner                    = {YBonilla81},
  Timestamp                = {2014.07.18},
  Url                      = {http://ieeexplore.ieee.org/stamp/stamp.jsp?arnumber=1707682}
}

@Article{Fereshtehnejad2014,
  Title                    = {Psychometric study of the Persian short-form eight-item Parkinson's disease questionnaire (PDQ-8) to evaluate health related quality of life (HRQoL)},
  Author                   = {Fereshtehnejad, SM, Naderi, N, Rahmani, A, Shahidi, GA, Delbari, A, Lökk, J.},
  Journal                  = {Health and Quality of Life Outcomes},
  Year                     = {2014},

  Month                    = {May},
  Number                   = {78},
  Pages                    = {1-9},
  Volume                   = {12},

  Doi                      = {10.1186/1477-7525-12-78.},
  Owner                    = {YBonilla81},
  Timestamp                = {2014.07.05},
  Url                      = {http://www.hqlo.com/content/12/1/78}
}

@Article{Georgy2012,
  Title                    = {Effect of physical exercise–movement strategies programme on mobility, falls, and quality of life in Parkinson’s disease},
  Author                   = {Georgy, E, Barnsley, S, Chellappa, R.},
  Journal                  = {International Journal of Therapy and Rehabilitation},
  Year                     = {2012},

  Month                    = {Feb},
  Number                   = {2},
  Pages                    = {88-96},
  Volume                   = {19},

  Doi                      = {10.12968/ijtr.2012.19.2.88},
  Owner                    = {YBonilla81},
  Timestamp                = {2014.07.04},
  Url                      = {http://www.magonlinelibrary.com/doi/abs/10.12968/ijtr.2012.19.2.88}
}

@Article{Hsieh2012,
  Title                    = {Validation of apathy evaluation scale and assessment of severity of apathy in Alzheimer's disease.},
  Author                   = {Hsieh, CJ, Chu, H, Cheng, JJS, Shen, WW, Lin, CC.},
  Journal                  = {Psychiatry Clin Neurosci},
  Year                     = {2012},

  Month                    = {Apr},
  Number                   = {3},
  Pages                    = {227--234},
  Volume                   = {66},

  __markedentry            = {[YBonilla81:6]},
  Doi                      = {10.1111/j.1440-1819.2011.02315.x},
  Institution              = {School of Nursing, College of Nursing, National Taipei University of Nursing and Health Science, Taipei, Taiwan.},
  Keywords                 = {Aged; Aged, 80 and over; Alzheimer Disease, diagnosis/psychology; Apathy; Cross-Sectional Studies; Female; Humans; Language; Male; Middle Aged; Neuropsychological Tests; Nursing Homes; Psychometrics; Questionnaires; Reproducibility of Results; Socioeconomic Factors; Taiwan},
  Language                 = {eng},
  Medline-pst              = {ppublish},
  Owner                    = {YBonilla81},
  Pmid                     = {22443245},
  Timestamp                = {2014.07.18},
  Url                      = {http://dx.doi.org/10.1111/j.1440-1819.2011.02315.x}
}

@InProceedings{Joshi2009,
  Title                    = {Evaluation of different stages of dementia employing neuropsychological and machine learning techniques},
  Author                   = {Joshi, S, Deepa Shenoy, P, Venugopal, KR, Patnaik, LM.},
  Booktitle                = {Advanced Computing, 2009. ICAC 2009. First International Conference on},
  Year                     = {2009},
  Pages                    = {154--160},

  __markedentry            = {[YBonilla81:]},
  Doi                      = {10.1109/ICADVC.2009.5378199},
  Owner                    = {YBonilla81},
  Timestamp                = {2014.07.18},
  Url                      = {http://ieeexplore.ieee.org/stamp/stamp.jsp?arnumber=5378199}
}

@Article{Martinez-Martin2007,
  Title                    = {Two questionnaires for Parkinson’s disease: are the PDQ-39 and PDQL equivalent?},
  Author                   = {Martinez-Martin, P, Serrano-Duenas, M, Forjaz, MJ, Serrano, MS.},
  Journal                  = {Quality of Life Research},
  Year                     = {2007},

  Month                    = {Sep},
  Number                   = {7},
  Pages                    = {1221--1230},
  Volume                   = {16},

  Doi                      = {10.1007/s11136-007-9224-2},
  Owner                    = {YBonilla81},
  Publisher                = {Springer},
  Timestamp                = {2014.07.16},
  Url                      = {http://link.springer.com/article/10.1007/s11136-007-9224-2}
}

@Article{Martinez-Martin2005,
  Title                    = {Psychometric characteristics of the Parkinson's disease questionnaire (PDQ-39)—Ecuadorian version},
  Author                   = {Martinez-Martin, P, Serrano-Duenas, M, Vaca-Baquero, V.},
  Journal                  = {Parkinsonism \& related disorders},
  Year                     = {2005},

  Month                    = {Aug},
  Number                   = {5},
  Pages                    = {297--304},
  Volume                   = {11},

  Owner                    = {YBonilla81},
  Publisher                = {Elsevier},
  Review                   = {NEED ARTICLE..},
  Timestamp                = {2014.07.16},
  Url                      = {http://www.sciencedirect.com/science/article/pii/S1353802005000271}
}

@Book{Neutens2009,
  Title                    = {Research Techniques for the Health Sciences},
  Author                   = {Neutens, JJ, Rubinson, L.},
  Publisher                = {Benjamin Cummings},
  Year                     = {2009},
  Edition                  = {4},

  Owner                    = {YBonilla81},
  Timestamp                = {2014.07.03}
}

@Article{Oliveira2012,
  Title                    = {A critical and descriptive approach to interictal behavior with the Neurobehavior Inventory (NBI)},
  Author                   = {Oliveira,GNM, Kummera, A, Marchetti,RL, Gerardo Maria de Araújo Filho, GMA, Salgadoa, JV, David, AS, Teixeira, AL.},
  Journal                  = {Epilepsy \& Behavior},
  Year                     = {2012},

  Month                    = {Nov},
  Number                   = {3},
  Pages                    = {334-340},
  Volume                   = {25},

  Doi                      = {10.1016/j.yebeh.2012.08.031},
  Owner                    = {YBonilla81},
  Timestamp                = {2014.07.05},
  Url                      = {http://www.epilepsybehavior.com/article/S1525-5050(12)00557-4/abstract}
}

@Article{Peters2011,
  Title                    = {Does self-reported well-being of patients with Parkinson's disease influence caregiver strain and quality of life?},
  Author                   = {Peters, M, Fitzpatrick, R, Doll, H, Playford, D, Jenkinson, C.},
  Journal                  = {Parkinsonism \& Related Disorders},
  Year                     = {2011},

  Month                    = {June},
  Number                   = {5},
  Pages                    = {348-352},
  Volume                   = {17},

  Doi                      = {10.1016/j.parkreldis.2011.02.009},
  Owner                    = {YBonilla81},
  Timestamp                = {2014.07.05},
  Url                      = {http://www.prd-journal.com/article/S1353-8020(11)00051-4/abstract}
}

@InProceedings{Peterson2005,
  Title                    = {Validating health status questionnaires in medicine: examples from a real life trial},
  Author                   = {Peterson, MGE, Robbins, DSWL, Kwong, N.},
  Booktitle                = {Computer-Based Medical Systems, 2005. Proceedings. 18th IEEE Symposium on},
  Year                     = {2005},
  Pages                    = {147--152},

  __markedentry            = {[YBonilla81:]},
  Doi                      = {10.1109/CBMS.2005.103},
  Owner                    = {YBonilla81},
  Timestamp                = {2014.07.18},
  Url                      = {http://ieeexplore.ieee.org/stamp/stamp.jsp?arnumber=1467682}
}

@Article{Pompeua2014,
  Title                    = {Feasibility, safety and outcomes of playing Kinect Adventures!™ for people with Parkinson's disease: a pilot study},
  Author                   = {Pompeua, JE, Arduinia, LA, Botelhoa, AR, Fonsecaa, MBF, Pompeua, SMAA, Torriani, C.P, Deutschc, JE.},
  Journal                  = {Physiotherapy},
  Year                     = {2014},

  Month                    = {Jun},
  Number                   = {2},
  Pages                    = {162-168},
  Volume                   = {100},

  Doi                      = {10.1016/j.physio.2013.10.003},
  Owner                    = {YBonilla81},
  Timestamp                = {2014.07.05},
  Url                      = {http://www.sciencedirect.com/science/article/pii/S0031940613001223}
}

@Article{Serrano-Duenas2004,
  Title                    = {Validation and cross-cultural adjustment of PDQL-questionnaire, Spanish version (Ecuador)(PDQL-EV)},
  Author                   = {Serrano-Duenas, M, Martinez, MP, Vaca-Baquero, V.},
  Journal                  = {Parkinsonism \& related disorders},
  Year                     = {2004},

  Month                    = {Oct},
  Number                   = {7},
  Pages                    = {433--437},
  Volume                   = {10},

  Owner                    = {YBonilla81},
  Publisher                = {Elsevier},
  Timestamp                = {2014.07.16},
  Url                      = {http://www.sciencedirect.com/science/article/pii/S1353802004000860}
}

@Article{Serrano-Duenas2008,
  Title                    = {Psychometric characteristics of PIMS—Compared to PDQ-39 and PDQL—To evaluate quality of life in Parkinson's disease patients: Validation in Spanish (Ecuadorian style)},
  Author                   = {Serrano-Duenas, M, Serrano, S.},
  Journal                  = {Parkinsonism \& related disorders},
  Year                     = {2008},

  Month                    = {Mar},
  Number                   = {2},
  Pages                    = {126--132},
  Volume                   = {14},

  Owner                    = {YBonilla81},
  Publisher                = {Elsevier},
  Timestamp                = {2014.07.16},
  Url                      = {http://www.sciencedirect.com/science/article/pii/S1353802007001198}
}

@Article{Wang2014,
  Title                    = {Application and assessment of quality of life questionnaires in Parkinson's disease},
  Author                   = {Wang, Y, Wang, WZ, Zhao, ZX.},
  Journal                  = {Chinese Journal of Contemporary Neurology and Neurosurgery},
  Year                     = {2014},

  Month                    = {Apr},
  Number                   = {4},
  Pages                    = {286-290},
  Volume                   = {14},

  Doi                      = {10.3969/j.issn.1672-6731.2014.04.005},
  Owner                    = {YBonilla81},
  Timestamp                = {2014.07.04},
  Url                      = {http://cjcnn.org/index.php/cjcnn/article/view/928}
}

@Article{Wedderburn2008,
  Title                    = {The utility of the Cambridge Behavioural Inventory in neurodegenerative disease},
  Author                   = {Wedderburn, C, Wear, H, Brown, J, Mason, SJ, Barker, R.A, Hodges, J, Williams, CG.},
  Journal                  = {Journal of Neurology, Neurosurgery \& Psychiatry},
  Year                     = {2008},

  Month                    = {Sep},
  Number                   = {5},
  Pages                    = {500--503},
  Volume                   = {79},

  Doi                      = {10.1136/jnnp.2007.122028},
  Owner                    = {YBonilla81},
  Publisher                = {BMJ Publishing Group Ltd},
  Timestamp                = {2014.07.16},
  Url                      = {http://jnnp.bmj.com/content/79/5/500.short}
}

@InProceedings{Zaccarelli2013,
  Title                    = {Computer-based cognitive intervention for dementia Sociable: motivating platform for elderly networking, mental reinforcement and social interaction},
  Author                   = {Zaccarelli, C, Cirillo, G, Passuti, S, Annicchiarico, R, Barban, F.},
  Booktitle                = {Pervasive Computing Technologies for Healthcare (PervasiveHealth), 2013 7th International Conference on},
  Year                     = {2013},
  Pages                    = {430--435},

  __markedentry            = {[YBonilla81:]},
  Owner                    = {YBonilla81},
  Timestamp                = {2014.07.18},
  Url                      = {http://ieeexplore.ieee.org/stamp/stamp.jsp?arnumber=6563984}
}

@Book{Jenkinson2011,
  Title                    = {Quality of Life Measurement in Neurodegenerative and Related Conditions},
  Editor                   = {Jenkinson, C, Peters, M, Bromberg, MB.},
  Publisher                = {Cambridge University Press},
  Year                     = {2011},
  Edition                  = {1},

  Owner                    = {YBonilla81},
  Timestamp                = {2014.07.03}
}

